<record><leader>00000cas a2200000 a 4500</leader><controlfield tag="001">11956550</controlfield><controlfield tag="008">850424d18781878ksuwr ne      0    0eng d</controlfield><datafield ind1=" " ind2=" " tag="010"><subfield code="a">sn 85029981 </subfield></datafield><datafield ind1=" " ind2=" " tag="040"><subfield code="a">KSH</subfield><subfield code="b">eng</subfield><subfield code="c">KSH</subfield><subfield code="d">NPT</subfield><subfield code="d">OCL</subfield><subfield code="d">OCLCQ</subfield></datafield><datafield ind1=" " ind2=" " tag="042"><subfield code="a">msc</subfield></datafield><datafield ind1="0" ind2=" " tag="130"><subfield code="a">Kansas State register (Spring Hill, Kan.)</subfield></datafield><datafield ind1="1" ind2="0" tag="245"><subfield code="a">Kansas State register.</subfield></datafield><datafield ind1=" " ind2=" " tag="260"><subfield code="a">Spring Hill, Kan. :</subfield><subfield code="b">C.F. Hyde,</subfield><subfield code="c">1878-</subfield></datafield><datafield ind1=" " ind2=" " tag="300"><subfield code="a">v. ;</subfield><subfield code="c">56 cm.</subfield></datafield><datafield ind1=" " ind2=" " tag="310"><subfield code="a">Weekly</subfield></datafield><datafield ind1="0" ind2=" " tag="362"><subfield code="a">Vol. 1, no. 1 (Apr. 13, 1878)-</subfield></datafield><datafield ind1="1" ind2=" " tag="362"><subfield code="a">Ceased with Oct. 26, 1878 issue?</subfield></datafield><datafield ind1=" " ind2=" " tag="500"><subfield code="a">Greenback, &lt;Aug. 3-Oct. 26, 1878&gt;.</subfield></datafield><datafield ind1=" " ind2=" " tag="752"><subfield code="a">United States</subfield><subfield code="b">Kansas</subfield><subfield code="c">Johnson</subfield><subfield code="d">Spring Hill.</subfield></datafield></record>